@ONLINE {jaai2019,
    author = "Jaai",
    title  = "mensch oder maschine der turing test einfach erklaert",
    month  = "may",
    year   = "2019",
    url    = "https://jaai.de/mensch-oder-maschine-der-turing-test-einfach-erklaert-1385/"
}
@ONLINE {gregorlüdi/martinlüscher2007,
    author = "Gregor Lüdi / Martin Lüscher",
    title  = "Der Turingtest",
    month  = "mar",
    year   = "2007",
    url    = "http://www.natur-struktur.ch/ai/turingtest.html"
}
@ONLINE {telekomag2019,
    author = "Telekom AG",
    title  = "Geschichte Kuenstlicher Intelligenz",
    month  = "jan",
    year   = "2019",
    url    = "https://www.welove.ai/de/blog/post/geschichte-kuenstlicher-intelligenz.html"
}
@BOOK {erhardkonrad2000,
    author    = "Erhard Konrad",
    title     = "Zur Geschichte der Künstlichen Intelligenz in der Bundesrepublik Deutschland",
    publisher = "SZWTF",
    year      = "2000",
    volume    = "one",
    edition   = "first",
    month     = "apr"
}
@ONLINE {nier:automatawikia20192b,
    author = "Nier:Automata Wikia",
    title  = "Yorha 2B",
    month  = "may",
    year   = "2019",
    url    = "https://nierautomata.wiki.fextralife.com/Yorha+2B"
}
@ONLINE {nier:automatawikia20199S,
    author = "Nier:Automata Wikia",
    title  = "Yorha 9S",
    month  = "may",
    year   = "2019",
    url    = "https://nierautomata.wiki.fextralife.com/Yorha+9S"
}
@ONLINE {nier:automatawikia20192a,
    author = "Nier:Automata Wikia",
    title  = "Yohra 2A",
    month  = "may",
    year   = "2019",
    url    = "https://nierautomata.wiki.fextralife.com/Yorha+2A"
}
@ONLINE {wortwuchs2008,
    author = "Wortwuchs",
    title  = "Dystopie",
    month  = "jun",
    year   = "2008",
    url    = "https://wortwuchs.net/dystopie/"
}
@ONLINE {verschiedene2019npc,
    author = "Verschiedene",
    title  = "NPC",
    month  = "may",
    year   = "2019",
    url    = "https://nierautomata.wiki.fextralife.com/NPCs"
}
@BOOKLET {deepmind2018,
    title        = "Mastering Chess and Shogi by Self-Play with a General Reinforcement Learning Algorithm",
    author       = "Deep MInd",
    howpublished = "PDF File",
    address      = "https://arxiv.org/pdf/1712.01815.pdf",
    month        = "oct",
    year         = "2018",
    crossref     = "none",
    note         = "The game of chess is the most widely-studied domain in the history of artificial intelligence. The strongest programs are based on a combination of sophisticated search techniques, domain-specific adaptations, and handcrafted evaluation functions that have been
refined by human experts over several decades. In contrast, the AlphaGo Zero program
recently achieved superhuman performance in the game of Go, by tabula rasa reinforcement learning from games of self-play. In this paper, we generalise this approach into
a single AlphaZero algorithm that can achieve, tabula rasa, superhuman performance in
many challenging domains. Starting from random play, and given no domain knowledge
except the game rules, AlphaZero achieved within 24 hours a superhuman level of play in
the games of chess and shogi (Japanese chess) as well as Go, and convincingly defeated a
world-champion program in each case."
}


@ONLINE {dysto,
    author = "Maja Dika",
    title  = "Unser Wundersames Begehren nach Dystopien",
    month  = "jul",
    year   = "2009",
    url    = "https://liechtenecker.at/unser-wundersames-begehren-nach-dystopien-und-utopien/"
}


@ONLINE {Turing_Leben,
    author = "Sophia Wermer",
    title  = "Das tragische Ende eines Computerspioniers",
    month  = "may",
    year   = "2010",
    url    = "https://www.welt.de/kultur/article106964473/Das-tragische-Ende-eines-genialen-Computerpioniers.html"
}


@ONLINE {Workshop,
    author = "Valve",
    title  = "Steam Workshop",
    month  = "jun",
    year   = "2019",
    url    = "https://steamcommunity.com/workshop/?l=german"
}

